%%
%% WinShell 3.3.2.6
%% http://www.winshell.org/
%%

% Strings


% Preamble


% BibTeX Entries


@book{1984-TeX-Knuth,
 author               = {Donald E. Knuth},
 publisher            = {Addison-Wesley},
 title                = {The {{\TeX}book}},
 year                 = {1984},
 }

@misc{cnbc2019cameras,
  author       = {{CNBC}},
  title        = {One billion surveillance cameras will be watching globally in 2021},
  howpublished = {\url{https://www.cnbc.com/2019/12/06/one-billion-surveillance-cameras-will-be-watching-globally-in-2021.html}},
  year         = {2019},
  note         = {Accessed: 2025-09-26}
}

@misc{omnicore2025instagram,
  author       = {{Omnicore Agency}},
  title        = {Instagram Statistics},
  howpublished = {\url{https://www.omnicoreagency.com/instagram-statistics/?utm_source=chatgpt.com}},
  year         = {2025},
  note         = {Accessed: 2025-09-26}
}

@misc{face-recognition-market,
  author       = {{Precedence Research}},
  title        = {Facial Recognition Market Witnesses Strong Momentum Amid Rising Security Demands},
  howpublished = {\url{https://www.precedenceresearch.com/facial-recognition-market}},
  year         = {2025},
  note         = {Accessed: 2025-09-26}
}

@misc{yang2025hiddenjoules,
  author       = {Zeyu Yang and Wesley Armour},
  title        = {The Hidden Joules: Evaluating the Energy Consumption of Vision Backbones for Progress Towards More Efficient Model Inference},
  howpublished = {ICML 2025 (OpenReview)},
  year         = {2025},
  url          = {https://openreview.net/forum?id=Va5jZARDcx},
  note         = {Accessed: 2025-09-26}
}
